<?xml version="1.0" encoding="UTF-8"?><collection><record><leader>06594ntm a2200553 a 4500</leader><controlfield tag="001">005989234</controlfield><controlfield tag="003">MiAaHDL</controlfield><controlfield tag="005">20190719000000.0</controlfield><controlfield tag="006">m        d        </controlfield><controlfield tag="007">cr bn ---auaua</controlfield><controlfield tag="008">090407q16611662xx            00| ||ara d</controlfield><datafield tag="035" ind1=" " ind2=" "><subfield code="a">(MiU)005989234</subfield></datafield><datafield tag="035" ind1=" " ind2=" "><subfield code="a">sdr-miu005989234</subfield></datafield><datafield tag="040" ind1=" " ind2=" "><subfield code="a">MiU</subfield><subfield code="c">MiU</subfield><subfield code="e">amremm</subfield></datafield><datafield tag="043" ind1=" " ind2=" "><subfield code="a">n-us-mi</subfield></datafield><datafield tag="100" ind1="1" ind2=" "><subfield code="6">880-01</subfield><subfield code="a">Ḥalabī, Ibrāhīm ibn Muḥammad,</subfield><subfield code="d">-1549 or 1550.</subfield></datafield><datafield tag="240" ind1="1" ind2="0"><subfield code="6">880-02</subfield><subfield code="a">Ghunyat al-mutamallī fī sharḥ Munyat al-muṣallī</subfield></datafield><datafield tag="245" ind1="1" ind2="0"><subfield code="6">880-03</subfield><subfield code="a">Kitāb Ibrāhīm al-Ḥalabī al-musammá bi-Sharḥ al-kabīr lil-Munyah al-muṣallī,</subfield><subfield code="f">[1072, i.e. 1661 or 1662].</subfield></datafield><datafield tag="246" ind1="3" ind2=" "><subfield code="i">Edge title:</subfield><subfield code="a">حلبي كبير</subfield></datafield><datafield tag="260" ind1=" " ind2=" "><subfield code="a">[1661 or 1662].</subfield></datafield><datafield tag="300" ind1=" " ind2=" "><subfield code="a">394 leaves :</subfield><subfield code="b">paper ;</subfield><subfield code="c">208 x 150 (155 x 89) mm. bound to 210 x 152 mm.</subfield></datafield><datafield tag="500" ind1=" " ind2=" "><subfield code="a">Shelfmark: Ann Arbor, University of Michigan, Special Collections Library, Isl. Ms. 50</subfield></datafield><datafield tag="500" ind1=" " ind2=" "><subfield code="a">Origin: As appears in 'colophon' on p.796, transcription for this ms. completed in 1072 [1661 or 1662]. Further detail on copyist and place of transcription not provided.</subfield></datafield><datafield tag="500" ind1=" " ind2=" "><subfield code="a">Former shelfmark: British Museum, London "No. 2. Ghunyat al-mutamalli."</subfield></datafield><datafield tag="500" ind1=" " ind2=" "><subfield code="a">Binding: Pasteboards covered in marbled paper (in blue, seafoam green, yellow, white) with red leather over spine, fore-edge flap and turn-ins ; Type II binding (with flap) ; board linings in yellow laid paper ; sewn in brown or grey thread, two stations ; only traces of endbands remaining ; in poor condition with significant abrasion, staining, cracking and lifting of leather, fore-edge flap detaching, etc.</subfield></datafield><datafield tag="500" ind1=" " ind2=" "><subfield code="a">Support: Primarily a European laid paper with 8 laid lines per cm. (vertical) and chain lines spaced roughly 28 mm. apart ; well-burnished ; watermark of anchor in circle with trefoil above (compare Heawood 4) ; a different European paper, much thinner with three circles watermark is used toward the center of the codex.</subfield></datafield><datafield tag="500" ind1=" " ind2=" "><subfield code="a">Decoration: Keywords, section headings, and some notabilia (side heads) rubricated ; text being commented upon overlined in red ; textual divders in the form of red discs.</subfield></datafield><datafield tag="500" ind1=" " ind2=" "><subfield code="a">Script: Naskh ; elegant Ottoman hand ; partially seriffed with right-sloping head-serif on many vertical strokes, even free-standing alif ; effect of tilt to the left ; quite rounded, with some sweeping descenders ; many open counters ; point of final nūn often assimilated with bowl.</subfield></datafield><datafield tag="500" ind1=" " ind2=" "><subfield code="a">Layout: Written in 21 lines per page ; frame-ruled (impression of ruling board clearly evident).</subfield></datafield><datafield tag="500" ind1=" " ind2=" "><subfield code="a">Collation: i, IV-3 (5), V+1 (16), 36 V(376), V+1 (387), IV-1 (394), i ; chiefly quinions ; final leaf left blank ; quire numbering in the form of whole words ("الجزء الثاني", etc.) and Hindu-Arabic numerals appears in the upper outer margin of the recto of the first leaf of each quire beginning with the second ; and foliation in black ink, Hindu-Arabic numerals, begins with ١ on page facing incipit page ; pagination in pencil, Western numerals, supplied during digitization (skips two pages between pp.631-632, skips from p.655 to p.666, includes some flyleaves).</subfield></datafield><datafield tag="500" ind1=" " ind2=" "><subfield code="a">Colophon: "Scribal," triangular, reads: "تم تم تم تم تم تم تم تم سنة اثنى وسبعين بعد الالف"</subfield></datafield><datafield tag="500" ind1=" " ind2=" "><subfield code="a">Explicit: "لان يلقي الله تعالى ومهرها في ذمتها خير له من ان يطأ امرأة لا تصلي قال الله تعالى وامر اهلك بالصلوة واصطبر عليها لا نسألك رزقا نحن نرزقك والعقابة للتقوى ونسأل الله تعالى حسن العقابة والعفية في الدنيا والاخرة لنا ولاخواننا وجميع المسلمين انه خير المسؤول واكرم مأمول امين"</subfield></datafield><datafield tag="500" ind1=" " ind2=" "><subfield code="a">Incipit: "الحمد لله جاعل الصلوة عماد الدين وعتاد المتقين وسراج اليقين ومنهاج المهدين ... وبعد فان العبادات ولي ما صرفت فيه نفائس الاوقات ... وكان الكتاب المسمى بمنية المصلي وغنية المبتدي من احسن ما صنعت في بيانها ... واحببت ان اضع له شرحا يكثر فوائدها ... وسميته غنية المتملي في شرح منية المصلي ..."</subfield></datafield><datafield tag="500" ind1=" " ind2=" "><subfield code="a">Title from inscription on 'title page' (p.15).</subfield></datafield><datafield tag="500" ind1=" " ind2=" "><subfield code="a">Ms. codex.</subfield></datafield><datafield tag="510" ind1="4" ind2=" "><subfield code="a">Brockelmann, C. GAL,</subfield><subfield code="c">SI, 659-660</subfield></datafield><datafield tag="520" ind1="8" ind2=" "><subfield code="a">Fine copy of al-Ḥalabī's exhaustive commentary on the Munyat al-muṣallī by Sadīd al-Dīn Kashgharī, addressing matters of ablution and ritual prayer. Added leaves carrying table of contents inserted after front flyleaf.</subfield></datafield><datafield tag="538" ind1=" " ind2=" "><subfield code="a">Mode of access: Internet.</subfield></datafield><datafield tag="541" ind1=" " ind2=" "><subfield code="c">Purchase ;</subfield><subfield code="a">Acquired by purchase along with Abdul Hamid Collection (funds donated by Horace Rackham).</subfield><subfield code="d">1924.</subfield></datafield><datafield tag="546" ind1=" " ind2=" "><subfield code="a">Arabic.</subfield></datafield><datafield tag="561" ind1=" " ind2=" "><subfield code="a">Bookplate of British Museum, London on upper cover, "British Museum, London. No. 2. Ghunyat al-mutamalli." ; circular seal impression with figure of goat/gazelle in purple ink as well as inscription "322" in Western numerals on front flyleaf (p.1) ; on blue-tinted paper pasted on 'title-page' (p.15), a detailed waqf statement in the name of al-Sayyid ʻAbd Allāh Adīb (Abdullah Edip), known as Jannatʹzādah (Cennet-zade), qāḍī of Erzurum, accompanied by his seal, reads: "وقفت وقفا صحيحا شرعيا بشرط ان لا يخرج من بيت الكتب الملتصق بداري الا لعلماء سكنوا بارضروم بكفيل مرعى اورهن قوي وانا الفقير اليه السيد عبد الله اديب الشهير بجنت زاده القاضي بمدينة ارضروم في سنة اثنى وستين ومائتين والف" ; numerous notabilia (side-heads) throughout, many rubricated ; occasional marginal corrections.</subfield></datafield><datafield tag="600" ind1="1" ind2="0"><subfield code="a">Kashgharī, Sadīd al-Dīn,</subfield><subfield code="d">active 13th century?</subfield><subfield code="t">Munyat al-muṣallī wa-ghunyat al-mubtadiʼ.</subfield></datafield><datafield tag="650" ind1=" " ind2="0"><subfield code="a">Manuscripts, Arabic</subfield><subfield code="z">Michigan</subfield><subfield code="z">Ann Arbor.</subfield></datafield><datafield tag="650" ind1=" " ind2="0"><subfield code="a">Hanafites</subfield><subfield code="v">Early works to 1800.</subfield></datafield><datafield tag="650" ind1=" " ind2="0"><subfield code="a">Purity, Ritual</subfield><subfield code="x">Islam</subfield><subfield code="v">Early works to 1800.</subfield></datafield><datafield tag="650" ind1=" " ind2="0"><subfield code="a">Prayer</subfield><subfield code="x">Islam</subfield><subfield code="v">Early works to 1800.</subfield></datafield><datafield tag="773" ind1="0" ind2=" "><subfield code="a">Tiflis Collection.</subfield></datafield><datafield tag="880" ind1="1" ind2="0"><subfield code="6">245-03/</subfield><subfield code="a">كتاب ابراهيم الحلبي المسمى بشرح الكبير للمنية المصلي,</subfield><subfield code="f">[1072ه, 1661 أو 1662م].</subfield></datafield><datafield tag="880" ind1="1" ind2="0"><subfield code="6">240-02/</subfield><subfield code="a">غنية المتملي في شرح منية المصلي</subfield></datafield><datafield tag="880" ind1="1" ind2=" "><subfield code="6">100-01/</subfield><subfield code="a">حلبي، ابراهيم بن محمد.</subfield></datafield><datafield tag="CID" ind1=" " ind2=" "><subfield code="a">005989234</subfield></datafield><datafield tag="DAT" ind1="0" ind2=" "><subfield code="a">20190719102634.0</subfield><subfield code="b">20190719000000.0</subfield></datafield><datafield tag="DAT" ind1="1" ind2=" "><subfield code="a">20190719090653.0</subfield><subfield code="b">2019-07-19T16:11:10Z</subfield></datafield><datafield tag="DAT" ind1="2" ind2=" "><subfield code="a">2015-10-02T18:00:03Z</subfield></datafield><datafield tag="CAT" ind1=" " ind2=" "><subfield code="a">SDR-MIU</subfield><subfield code="d">EX LIBRIS - ALEPH</subfield><subfield code="l">prepare.pl-004-008</subfield></datafield><datafield tag="FMT" ind1=" " ind2=" "><subfield code="a">BK</subfield></datafield><datafield tag="HOL" ind1=" " ind2=" "><subfield code="0">sdr-miu005989234</subfield><subfield code="a">MiU</subfield><subfield code="b">SDR</subfield><subfield code="c">MIU</subfield><subfield code="p">mdp.39015079105576</subfield><subfield code="s">MIU</subfield><subfield code="1">005989234</subfield></datafield><datafield tag="974" ind1=" " ind2=" "><subfield code="b">MIU</subfield><subfield code="c">MIU</subfield><subfield code="d">20190719</subfield><subfield code="s">lit-dlps-dc</subfield><subfield code="u">mdp.39015079105576</subfield><subfield code="y">1662</subfield><subfield code="r">pd</subfield><subfield code="q">bib</subfield><subfield code="t">non-US bib date2 &lt; 1879</subfield></datafield></record></collection>